<record><leader>00000cas a22000007a 4500</leader><controlfield tag="001">10226899</controlfield><controlfield tag="008">831216d19831986ksuwr ne      0   a0eng d</controlfield><datafield ind1=" " ind2=" " tag="010"><subfield code="a">sn 83041174 </subfield></datafield><datafield ind1=" " ind2=" " tag="040"><subfield code="a">KSH</subfield><subfield code="b">eng</subfield><subfield code="c">KSH</subfield><subfield code="d">NPT</subfield><subfield code="d">OCLCQ</subfield></datafield><datafield ind1=" " ind2=" " tag="042"><subfield code="a">msc</subfield></datafield><datafield ind1=" " ind2=" " tag="043"><subfield code="a">n-us-ks</subfield></datafield><datafield ind1="0" ind2=" " tag="130"><subfield code="a">Republican (Clyde, Kan.)</subfield></datafield><datafield ind1="1" ind2="0" tag="245"><subfield code="a">Republican.</subfield></datafield><datafield ind1=" " ind2=" " tag="260"><subfield code="a">Clyde, Kan. :</subfield><subfield code="b">John A. &amp; Sharon K. Brake,</subfield><subfield code="c">1983-1986.</subfield></datafield><datafield ind1=" " ind2=" " tag="300"><subfield code="a">3 v. :</subfield><subfield code="b">ill. ;</subfield><subfield code="c">59 cm.</subfield></datafield><datafield ind1=" " ind2=" " tag="310"><subfield code="a">Weekly</subfield></datafield><datafield ind1="0" ind2=" " tag="362"><subfield code="a">Vol. 105, no. 23 (Dec. 1, 1983)-v. 107, no. 45 (May 1, 1986).</subfield></datafield><datafield ind1=" " ind2=" " tag="752"><subfield code="a">United States</subfield><subfield code="b">Kansas</subfield><subfield code="c">Cloud</subfield><subfield code="d">Clyde.</subfield></datafield><datafield ind1="0" ind2="0" tag="780"><subfield code="t">Clyde republican (Clyde, Kan. : 1929)</subfield><subfield code="w">(DLC)sn 83040981</subfield></datafield><datafield ind1="0" ind2="0" tag="785"><subfield code="t">Clyde republican (Clyde, Kan. : 1986)</subfield><subfield code="w">(DLC)sn 86064501</subfield></datafield></record>